%% This BibTeX bibliography file was created using BibDesk.
%% http://bibdesk.sourceforge.net/


%% Created for Sebastian von Mammen at 2015-12-02 20:59:40 +0100 


%% Saved with string encoding Unicode (UTF-8) 



@article{wilson1995classifier,
  title={Classifier fitness based on accuracy},
  author={Wilson, Stewart W},
  journal={Evolutionary computation},
  volume={3},
  number={2},
  pages={149--175},
  year={1995},
  publisher={MIT Press}
}

@INPROCEEDINGS{floyd,
	Author = {Robert Flyod},
	Booktitle = {Communications of the ACM},
	Volume = {6},
	Title = {Algorithm 97- shortest path},
	Year = {1962},
	Page = {345},
	Month = {June}}	
	
@article{biowar,
	Author = {Fellman, Philip V and Parnell, Gregory S and Carley, Kathleen M.},
	Date-Added = {2015-12-02 19:59:02 +0000},
	Date-Modified = {2015-12-02 19:59:02 +0000},
	Journal = {Eighth International Conference on Complex Systems, Boston},
	Title = {Biowar and Bioterrorism Risk Assessment},
	Year = {2011}}
	
@article{states,
	Author = {Jeff Orkin},
	Date-Added = {2015-12-02 19:59:02 +0000},
	Date-Modified = {2015-12-02 19:59:02 +0000},
	Journal = {Proceedings of the Game Developer's Conference (GDC)},
	Title = { Three States and a Plan: The AI of F.E.A.R.},
	Year = {2006}}
	
@book{adams,
	Author = {Douglas Adams},
	Title={Mostly Harmless},
	Year={1993},
	Publisher={Pan}
}
